<record><leader>00000cas a2200000 a 4500</leader><controlfield tag="001">11326427</controlfield><controlfield tag="008">841030d18711959ksuwr ne      0    0eng d</controlfield><controlfield tag="009">3789</controlfield><datafield ind1=" " ind2=" " tag="010"><subfield code="a">sn 84030183 </subfield></datafield><datafield ind1=" " ind2=" " tag="040"><subfield code="a">KSH</subfield><subfield code="b">eng</subfield><subfield code="c">KSH</subfield><subfield code="d">NPT</subfield><subfield code="d">NPU</subfield><subfield code="d">NPX</subfield><subfield code="d">DLC</subfield><subfield code="d">OCL</subfield></datafield><datafield ind1=" " ind2=" " tag="042"><subfield code="a">msc</subfield></datafield><datafield ind1="0" ind2="0" tag="050"><subfield code="a">Newspaper 7803-X</subfield></datafield><datafield ind1="0" ind2=" " tag="130"><subfield code="a">Junction City union (Junction City, Kan. : 1871)</subfield></datafield><datafield ind1="0" ind2="4" tag="245"><subfield code="a">The Junction City union.</subfield></datafield><datafield ind1="0" ind2="3" tag="246"><subfield code="a">Union</subfield></datafield><datafield ind1=" " ind2=" " tag="260"><subfield code="a">Junction City, Kan. :</subfield><subfield code="b">Geo. W. Martin,</subfield><subfield code="c">1871-1959.</subfield></datafield><datafield ind1=" " ind2=" " tag="300"><subfield code="a">78 v. :</subfield><subfield code="b">ill. ;</subfield><subfield code="c">55-76 cm.</subfield></datafield><datafield ind1=" " ind2=" " tag="310"><subfield code="a">Weekly</subfield></datafield><datafield ind1=" " ind2=" " tag="321"><subfield code="a">Frequency varies</subfield></datafield><datafield ind1="0" ind2=" " tag="362"><subfield code="a">Vol. 10, no. 1 (May 13, 1871)-v. 87, no. 43 (Nov. 12, 1959).</subfield></datafield><datafield ind1=" " ind2=" " tag="500"><subfield code="a">Published as a daily during the Kansas Central Agricultural Society Fair, Oct. 5-9, 1880 and Oct. 4-8, 1881.</subfield></datafield><datafield ind1=" " ind2=" " tag="500"><subfield code="a">"Independent."</subfield></datafield><datafield ind1=" " ind2=" " tag="580"><subfield code="a">Daily eds.: Junction City daily union; Daily union (Junction City, Kan. : 1896); Junction City union.</subfield></datafield><datafield ind1=" " ind2=" " tag="752"><subfield code="a">United States</subfield><subfield code="b">Kansas</subfield><subfield code="c">Geary</subfield><subfield code="d">Junction City.</subfield></datafield><datafield ind1="1" ind2=" " tag="775"><subfield code="t">Junction City daily union</subfield><subfield code="w">(DLC)sn 84030180</subfield></datafield><datafield ind1="1" ind2=" " tag="775"><subfield code="t">Daily union (Junction City, Kan. : 1896)</subfield><subfield code="w">(DLC)sn 84030179</subfield></datafield><datafield ind1="1" ind2=" " tag="775"><subfield code="t">Junction City union</subfield><subfield code="w">(DLC)sn 82014021</subfield></datafield><datafield ind1="0" ind2="0" tag="780"><subfield code="t">Junction City weekly union</subfield><subfield code="w">(DLC)sn 82015320</subfield></datafield><datafield ind1="0" ind2="5" tag="780"><subfield code="t">Junction City daily union</subfield><subfield code="g">Oct. 1887</subfield><subfield code="w">(DLC)sn 84030180</subfield></datafield><datafield ind1="0" ind2="5" tag="780"><subfield code="t">Junction City republican</subfield><subfield code="g">Feb. 1901</subfield><subfield code="w">(DLC)sn 84030191</subfield></datafield><datafield ind1="0" ind2="0" tag="785"><subfield code="t">Junction City weekly union (Junction City, Kan. : 1959)</subfield><subfield code="w">(DLC)sn 84030182</subfield></datafield></record>